@online{EINFRA-9,
label = {EI},
url = {http://ec.europa.eu/research/participants/portal/desktop/en/opportunities/h2020/topics/2144-einfra-9-2015.html}, 
title={EINFRA-9: e-Infrastructure for Virtual Research Environment}}

@book{galloy11:MIDL,
  title={Modern IDL: A Guide to IDL Programming},
  author={Galloy, M.},
  year={2011}}
