%% This bibtex file will contain all "OpenDreamKit publications", that is publications resulting from work (partially) funded by ODK
