% put bibTeX here
@inproceedings{KohProHam:ntcir11,
  title = {MathWebSearch at NTCIR-11},
  author = {Michael Kohlhase, Corneliu Prodescu, Radu Hambasan},
  url = {http://research.nii.ac.jp/ntcir/workshop/OnlineProceedings11/pdf/NTCIR/Math-2/05-NTCIR11-MATH-HambasanR.pdf},
  year  = {2014}}

@mastersthesis{Ham:bcs15,
  title = {Faceted Search for Mathematics},
  author = {Radu Hambasan, Michael Kohlhase},
  school =   {Jacobs University Bremen},
  year =     2015,
  type =     {B.\,Sc.\ Thesis}}