@TechReport{ODK-D4.2,
  author = 	 {Michael Kohlhase},
  title = 	 {Active/Structured Documents Requirements and existing Solutions},
  institution =  {OpenDreamKit},
  year = 	 2016,
  type = 	 {Deliverable},
  number = 	 {D4.2}}

@TechReport{ODK-D6.1,
  author = 	 {Michael Kohlhase and Alexandru Glontaru},
  title = 	 {Full-text Search (Formulae + Keywords) over LaTeX-based Documents},
  institution =  {OpenDreamKit},
  year = 	 2016,
  type = 	 {Deliverable},
  number = 	 {D6.1}}

