%% This bibtex file will contain all "OpenDreamKit publications", 
%% that is publications resulting from work (partially) funded by ODK

@unpublished{DehKohKon:iop16,
  title = {Interoperability in the {OpenDreamKit} Project: The Math-in-the-Middle Approach}
  author = {Paul-Olivier Dehaye and Michael Kohlhase and Alexander Konovalov and Samuel Leli{\`e}vre and Markus Pfeiffer and Nicolas M. Thi{\'e}ry},
  url = {http://arxiv.org/abs/1603.06424}
  pubs = {mkohlhase}
  crossref = {CICM16}}

@proceedings{CICM16,
  editor = {Michael Kohlhase and Moa Johansson and Bruce Miller and Leonardo de Moura and Frank Tompa},
  venue = {Bialystok, Poland},
  eventdate = {2016-07-25/2015-07-29},
  eventtitle = {Conferences on Intelligent Computer Mathematics},
  title = {Intelligent Computer Mathematics},
  booktitle = {{Intelligent Computer Mathematics} 2016},
  key = {CICM16},
  label = {CICM16},
  keywords = {conference},
  publisher = {Springer},
  series    = {LNCS},
  number    = {9791},
  SOONisbn = {978-3-319-20615-8},
  year = 2016,
  note={in press},
  pubs={mkohlhase}
}

@inproceedings{Pavlou:2016:MCI:2936924.2936934,
 author = {Pavlou, Chrystalla and Elkind, Edith},
 title = {Manipulating Citation Indices in a Social Context},
 booktitle = {Proceedings of the 2016 International Conference on Autonomous Agents \&\#38; Multiagent Systems},
 series = {AAMAS '16},
 year = {2016},
 isbn = {978-1-4503-4239-1},
 location = {Singapore, Singapore},
 pages = {32--40},
 numpages = {9},
 url = {http://dl.acm.org/citation.cfm?id=2936924.2936934},
 acmid = {2936934},
 publisher = {International Foundation for Autonomous Agents and Multiagent Systems},
 address = {Richland, SC},
 keywords = {g-index, h-index, i10-index, manipulation by merging},
}
