@online{EINFRA-9,
label = {EI},
url = {http://ec.europa.eu/research/participants/portal/desktop/en/opportunities/h2020/topics/2144-einfra-9-2015.html}, 
title={EINFRA-9: e-Infrastructure for Virtual Research Environment}}

@online{lmfdb-repo,
url = {https://github.com/LMFDB/lmfdb}, 
title={LMFDB GitHub repository}}

@online{lmfdb-formats,
url = {https://github.com/LMFDB/lmfdb-inventory}, 
title={LMFDB inventory GitHub repository}}

@online{lmfdb-definitions,
url = {http://lmfdb.org/knowledge/}, 
title={LMFDB Knowledge Database}}

@online{lmfdb-mwm,
url = {http://lmfdb.org/knowledge/show/ec.q.minimal_weierstrass_equation}, 
title={LMFDB Knowledge Database entry for \emph{Minimal Weierstrass equation over the rationals}}}





@online{rda-typing,
url = {https://rd-alliance.org/groups/data-type-registries-wg.html}, 
title={Research Data Alliance Type Registries Working Group}}



@book{galloy11:MIDL,
  title={Modern IDL: A Guide to IDL Programming},
  author={Galloy, M.},
  year={2011}}

@manual{GAP4,
  key          = "GAP",
  organization = "The GAP~Group",
  title        = "{GAP -- Groups, Algorithms, and Programming,
                  Version 4.8.2}",
  year         = 2016,
  url          = "\verb+(http://www.gap-system.org)+",
  }


@inproceedings{breuer-linton,
 author = {Breuer, Thomas and Linton, Steve},
 title = {The GAP 4 Type System: Organising Algebraic Algorithms},
 booktitle = {Proceedings of the 1998 International Symposium on Symbolic and Algebraic Computation},
 series = {ISSAC '98},
 year = {1998},
 isbn = {1-58113-002-3},
 location = {Rostock, Germany},
 pages = {38--45},
 numpages = {8},
 url = {http://doi.acm.org/10.1145/281508.281540},
 doi = {10.1145/281508.281540},
 acmid = {281540},
 publisher = {ACM},
 address = {New York, NY, USA},
} 

@misc{gapdoc,
  author =           {L{\"u}beck, F. and Neunh{\"o}ffer, M.},
  title =            {{GAPDoc},   A  Meta  Package  for  GAP  Documentation,
                      {V}ersion 1.5.1},
  month =            {Feb},
  year =             {2012},
  howpublished =     {\href
                      {http://www.math.rwth-aachen.de/~Frank.Luebeck/GAPDoc}
                      {\texttt{http://www.math.rwth-aachen.de/}\discretionary
                      {}{}{}\texttt{\texttt{\symbol{126}}Frank.Luebeck/}\discretionary
                      {}{}{}\texttt{GAPDoc}}},
  keywords =         {GAP  documentation;  help system; XML; pdf; hyperlink;
                      unicode; BibTeX; BibXMLext},
  printedkey =       {LN12}
}

@manual{Sage,
  Key          = {Sage},
  Author       = {The Sage Developers},
  Title        = {{S}age {M}athematics {S}oftware ({V}ersion 7.0)},
  note         = {{\tt http://www.sagemath.org}},
  Year         = {2016},
}

@online{Sage.Categories,
  label = {SC},
  author = {Nicolas M. Thi√©ry et al.},
  title = {Elements, parents, and categories in Sage: a primer},
  url = {http://combinat.sagemath.org/doc/reference/categories/sage/categories/primer.html},
  howpublished = {A chapter of Sage's documentation}
}
